@webpage{Citation,
	Author = {Author Name},
	Date-Added = {2017-11-13 08:12:37 +0000},
	Date-Modified = {2017-11-13 17:36:14 +0000},
	Keywords = {Key Words},
	Month = {March},
	Title = {Title of Document},
	Url = {https://sample-url},
	Year = {2016},
	Bdsk-Url-1 = {https://www.sitepoint.com/canvas-vs-svg-choosing-the-right-tool-for-the-job/}}
