%% This BibTeX bibliography file was created using BibDesk.
%% http://bibdesk.sourceforge.net/

%% Created for Billy Buffum at 2017-11-14 00:38:39 -0800 


%% Saved with string encoding Unicode (UTF-8) 



@webpage{TechwallaSQLCons,
	Date-Added = {2017-11-14 08:38:27 +0000},
	Date-Modified = {2017-11-14 08:38:37 +0000},
	Url = {https://www.techwalla.com/articles/disadvantages-of-a-relational-database}}

@webpage{TechwallaSQLPros,
	Date-Added = {2017-11-14 08:32:29 +0000},
	Date-Modified = {2017-11-14 08:32:40 +0000},
	Url = {https://www.techwalla.com/articles/the-advantages-of-a-relational-database-management-system}}

@webpage{TechwallaSQL,
	Date-Added = {2017-11-14 08:24:14 +0000},
	Date-Modified = {2017-11-14 08:24:25 +0000},
	Url = {https://www.techwalla.com/articles/what-are-the-advantages-of-a-relational-database-model}}

@webpage{NoSQLSecurityIssues,
	Date-Added = {2017-11-14 08:00:22 +0000},
	Date-Modified = {2017-11-14 08:00:31 +0000},
	Url = {https://blogs.perficient.com/dataanalytics/2015/06/22/nosql-nosecuity-security-issues-with-nosql-database/}}

@webpage{ChannelFutures,
	Date-Added = {2017-11-14 07:57:24 +0000},
	Date-Modified = {2017-11-14 07:57:37 +0000},
	Url = {http://www.channelfutures.com/cloud-services/limitations-nosql-database-storage-why-nosqls-not-perfect}}

@webpage{NoSQLProsCons,
	Date-Added = {2017-11-14 07:41:58 +0000},
	Date-Modified = {2017-11-14 07:42:29 +0000},
	Url = {https://www.techrepublic.com/blog/10-things/10-things-you-should-know-about-nosql-databases/}}

@webpage{GooglePushNotifications,
	Date-Added = {2017-11-14 07:11:49 +0000},
	Date-Modified = {2017-11-14 07:11:59 +0000},
	Url = {https://developers.google.com/web/fundamentals/push-notifications/}}

@webpage{MongoDBProsCons,
	Date-Added = {2017-11-14 07:06:57 +0000},
	Date-Modified = {2017-11-14 07:07:10 +0000},
	Url = {https://www.mongodb.com/scale/nosql-databases-pros-and-cons}}

@webpage{Techwalla,
	Date-Added = {2017-11-14 06:59:27 +0000},
	Date-Modified = {2017-11-14 06:59:36 +0000},
	Url = {https://www.techwalla.com/articles/advantages-disadvantages-of-flat-file-databases}}

@webpage{KnowBase,
	Date-Added = {2017-11-14 06:55:10 +0000},
	Date-Modified = {2017-11-14 06:56:04 +0000},
	Url = {https://kb.iu.edu/d/ahrp}}

@webpage{SearchCloudOverview,
	Date-Added = {2017-11-13 18:15:38 +0000},
	Date-Modified = {2017-11-13 18:16:02 +0000},
	Url = {http://searchcloudapplications.techtarget.com/feature/Mobile-cloud-apps-vs-native-apps-The-developers-perspective},
	Bdsk-Url-1 = {http://searchcloudapplications.techtarget.com/feature/Mobile-cloud-apps-vs-native-apps-The-developers-perspective}}

@webpage{LifeWireProsCons,
	Date-Added = {2017-11-13 18:14:46 +0000},
	Date-Modified = {2017-11-13 18:15:11 +0000},
	Url = {https://www.lifewire.com/pros-and-cons-of-native-apps-and-mobile-web-apps-2373173},
	Bdsk-Url-1 = {https://www.lifewire.com/pros-and-cons-of-native-apps-and-mobile-web-apps-2373173}}

@webpage{LifeWireOverview,
	Date-Added = {2017-11-13 18:09:29 +0000},
	Date-Modified = {2017-11-13 18:14:42 +0000},
	Url = {https://www.lifewire.com/native-apps-vs-web-apps-2373133},
	Bdsk-Url-1 = {https://www.lifewire.com/native-apps-vs-web-apps-2373133}}
