%% This BibTeX bibliography file was created using BibDesk.
%% http://bibdesk.sourceforge.net/

%% Created for Connor Christensen at 2017-11-14 10:02:21 -0800 


%% Saved with string encoding Unicode (UTF-8) 



@url{SpeedReport,
	Author = {Stefan Krause},
	Date-Added = {2017-11-14 17:59:03 +0000},
	Date-Modified = {2017-11-14 18:02:18 +0000},
	Month = {10},
	Title = {Keyed results},
	Url = {https://rawgit.com/krausest/js-framework-benchmark/master/webdriver-ts/table.html},
	Year = {2017}}

@webpage{CanvasVsSVG,
	Author = {Maria Antonietta Perna},
	Date-Added = {2017-11-13 08:12:37 +0000},
	Date-Modified = {2017-11-13 08:20:44 +0000},
	Month = {March},
	Title = {Canvas vs. SVG: Choosing the Right Tool for the Job},
	Url = {https://www.sitepoint.com/canvas-vs-svg-choosing-the-right-tool-for-the-job/},
	Year = {2016},
	Bdsk-Url-1 = {https://www.sitepoint.com/canvas-vs-svg-choosing-the-right-tool-for-the-job/}}
